@online{Elasticsearch,
  author = {I. Bobriakov},
  title = {Elasticsearch Aggregations for Analytics},
  year = {2017},
  url = {https://qbox.io/blog/elasticsearch-aggregations-for-analytics},
  urldate = {2017-11-11}
}

@online{d,
  author = {Docs.spring.io},
  title = {STOMP Support},
  year = {2017},
  url = {https://docs.spring.io/spring-integration/reference/html/stomp.html},
  urldate = {2017-11-14}
}

